@book{menezes,
  title={Elliptic curve public key cryptosystems},
  author={A. Menezes}
}

@book{hankerson,
  title={Guide to elliptic curve cryptography},
  author={D. Hankerson, A. Menezes, S. Vanstone}
}

@book{silverman,
  title={Arithmetic of Elliptic Curves},
  author={J. Silverman}
}